
@article{Avanzi2010,
	title={Efficient reduction of large divisors on hyperelliptic curves},
	author={Avanzi, R. and Jacobson, Jr., M.J. and Sheidler, R. and {(Communicated by N. Koblitz)}},
	journal={Advances in mathematics of communications},
	volume=4,
	number=2,
	year=2010,
	pages={261--279},
}

@book{Bach1996,
  title={Algorithmic Number Theory, Volume {I}: Efficient Algorithms},
  author={Bach, E. and Shallit, J.O.},
  year={1996},
  publisher={Mit Press}
}

@article{Berthe2009,
  title={Diophantine Approximation, {O}strowski Numeration and the Double-Base Number System},
  author={Berth{\'e}, V. and Imbert, L.},
  journal={Discrete Mathematics and Theoretical Computer Science},
  volume={11},
  number={1},
  year={2009},
  pages={153--172}
}

@INPROCEEDINGS{Brent1976,
    author = {R.P. Brent},
    editor = {J.F. Traub},
    title = {Analysis of the binary {E}uclidean algorithm},
    booktitle = {New Directions and Recent Results in Algorithms and Complexity},
    year = {1976},
    pages = {321--355},
    publisher = {Academic Press}
}

@article{Brent1980,
	author={R.P. Brent},
	ISSN={0006--3835},
	journal={BIT},
	pages={176--184},
	title={An improved {M}onte {C}arlo factorization algorithm},
	volume={20},
	number={2},
	year={1980},
}

@article{Ciet2005,
    author = {M. Ciet and F. Sica},
    title = {An Analysis of Double Base Number Systems and a Sublinear Scalar Multiplication Algorithm},
    journal={Progress in Cryptology--Mycrypt},
    volume = {3715},
    year = {2005},
    pages = {171--182},
    publisher = {Springer Berlin/Heidelberg}
}

@article{Ciet2006,
 author = {Ciet, M. and Joye, M. and Lauter, K. and Montgomery, P.L.},
 title = {Trading Inversions for Multiplications in Elliptic Curve Cryptography},
 journal = {Designs, {C}odes and {C}ryptography},
 volume = {39},
 number = {2},
 month = May,
 year = {2006},
 pages = {189--206},
 numpages = {18},
 url = {http://dx.doi.org/10.1007/s10623-005-3299-y},
 publisher = {Kluwer Academic Publishers},
 address = {Norwell, MA, USA}
} 

@book{Cohen1993,
	author={H. Cohen},
	title={A course in computational algebraic number theory},
	year={1993},
	publisher={Springer-Verlag},
	address={Berlin},
}

@book{Cohen2006,
  title={Handbook of {E}lliptic and {H}yperelliptic {C}urve {C}ryptography},
  editor={Cohen, H. and Frey, G.},
  publisher={Chapman \& Hall/CRC},
  year={2006}
}

@book{Cohn1980,
  title={Advanced Number Theory},
  author={Cohn, H.},
  isbn={9780486640235},
  lccn={80065862},
  series={Dover Books on Mathematics},
  url={http://books.google.ca/books?id=yMGeElJ8M0wC},
  year={1980},
  publisher={Dover Publications}
}

@book{Collins1980,
  title={Lecture notes on arithmetic algorithms},
  author={G.E. Collins},
  year={1980},
  publisher={University of Wisconsin}
}

@book{Cormen2001,
 author = {Cormen, T.H. and Stein, C. and Rivest, R.L. and Leiserson, C.E.},
 title = {Introduction to Algorithms},
 year = {2001},
 isbn = {0070131511},
 edition = {2nd},
 publisher = {McGraw-Hill Higher Education},
}

@book{Crandall2001,
  title={Prime Numbers: A Computational Perspective},
  author={Crandall, R.E. and Pomerance, C.},
  isbn={9780387947778},
  lccn={00056270},
  url={http://books.google.ca/books?id=8KZ4RQufxhYC},
  year={2001},
  publisher={Springer}
}

@article{Dimitrov1995a,
  title={Hybrid Algorithm for the Computation of the Matrix Polynomial {$I + A + \cdots + A^{N-1}$}},
  author={Dimitrov, V. and Cooklev, T.},
  journal={IEEE Transactions on Circuits and Systems -- I: Fundamental Theory and Applications},
  volume={42},
  number={7},
  month={July},
  pages={377--380},
  year={1995}
}

@article{Dimitrov1995b,
  title={Two Algorithms for Modular Exponentiation using Nonstandard Arithmetics},
  author={Dimitrov, V. and Cooklev, T.},
  journal={IEICE {T}ransactions on {F}undamentals of {E}lectronics},
  volume={E78-A},
  number={1},
  month={January},
  year={1995},
  pages={82--87},
}

@article{Dimitrov2005,
  author    = {Dimitrov, V. and
               Imbert, L. and
               Mishra, P.K.},
  title     = {Fast Elliptic Curve Point Multiplication using Double-Base
               Chains},
  journal   = {IACR Cryptology ePrint Archive},
  volume    = {2005},
  year      = {2005},
  pages     = {69},
  ee        = {http://eprint.iacr.org/2005/069},
  bibsource = {DBLP, http://dblp.uni-trier.de}
}

@article{Dimitrov2008,
  title={Provably Sublinear Point Multiplication on {K}oblitz Curves and Its Hardware Implementation},
  author={Dimitrov, V. and J\"{a}rvinen, K.U. and Jacobson, Jr., M.J. and Chan, W.F. and Huang, Z.},
  journal={IEEE Transaction on Computers},
  pages={1469--1481},
  volume={57},
  number={11},
  month={November},
  year={2008}
}

@inproceedings{Doche2006,
  author    = {Doche, C. and
               Imbert, L.},
  title     = {Extended Double-Base Number System with Applications to
               Elliptic Curve Cryptography},
  booktitle = {INDOCRYPT},
  year      = {2006},
  pages     = {335--348},
  ee        = {http://dx.doi.org/10.1007/11941378_24},
  crossref  = {DBLP:conf/indocrypt/2006},
  bibsource = {DBLP, http://dblp.uni-trier.de}
}

@inproceedings{Doche2008,
  author    = {Doche, C. and
               Habsieger, L.},
  title     = {A Tree-Based Approach for Computing Double-Base Chains},
  booktitle = {ACISP '08 Proceedings of the 13th Australasian conference on Information Security and Privacy},
  year      = {2008},
  pages     = {433--446}
}

@book{Frolich1993,
  title={Algebraic Number Theory ({C}ambridge Studies in Advanced Mathematics)},
  author={Fr{\"o}hlich, A. and Taylor, M.},
  year={1993},
  volume={27},
  publisher={Cambridge University Press},
  isbn={978-0-521-43834-6},
  mr={1215934}
}

@book{Gauss1986,
  title={{Disquisitiones {A}rithmeticae}},
  author={Gau\ss, C.F.},
  translator={A.A. Clark},
  year={1986},
  publisher={Springer Verlag},
}

@article{Gower2008,
  author    = {J.E. Gower and
               S.S. Wagstaff Jr.},
  title     = {Square form factorization},
  journal   = {Mathematics of {C}omputation},
  volume    = {77},
  number    = {261},
  year      = {2008},
  pages     = {551-588},
  ee        = {http://dx.doi.org/10.1090/S0025-5718-07-02010-8},
  bibsource = {DBLP, http://dblp.uni-trier.de}
}

@INPROCEEDINGS{Granlund1994,
    author = {Granlund, T. and Montgomery, P.L.},
    title = {Division by Invariant Integers Using Multiplication},
    booktitle = {Proceedings of the SIGPLAN '94 Conference on Programming Language Design and Implementation},
    year = {1994},
    pages = {61--72}
}

@book{Hua2012,
  title={Introduction to Number Theory},
  author={Hua, L.K. and Shiu, P.},
  isbn={9783642681325},
  url={http://books.google.ca/books?id=0RZvMAEACAAJ},
  year={2012},
  publisher={Springer London, Limited}
}

@article{Imbert2010,
  title={Fast ideal cubing in imaginary quadratic number and function fields},
  author={Imbert, L. and Jacobson, Jr., M.J. and Schmidt, A.},
  journal={Advanced in Mathematics of Communications},
  volume={4},
  number={2},
  year={2010},
  url={http://www.aimsciences.org},
  pages={237-260}
}

@article{Imbert2010b,
	author = {Imbert, L. and Philippe, F.},
	title = {Strictly chained ($p$,$q$)-ary partitions},
	journal = {Contributions to Discrete Mathematics},
	pages = {119--136},
	volume = {5},
	number = {2},
	year = {2010}
}

@book{Ireland1990,
  title={A Classical Introduction to Modern Number Theory},
  author={Ireland, K. and Rosen, M.I.},
  isbn={9783540973294},
  lccn={90009848},
  series={Graduate Texts in Mathematics},
  url={http://books.google.ca/books?id=s9dQAAAAMAAJ},
  year={1990},
  publisher={Springer}
}

@phdthesis{Jacobson1999,
  title={Subexponential Class Group Computation in Quadratic Orders},
  author={Jacobson, Jr., M.J.},
  isbn={9783826563744},
  school={Technische Universit√§t Darmstadt, Darmstadt, Germany},
  series={Berichte aus der Informatik},
  url={http://books.google.ca/books?id=azKfAAAACAAJ},
  year={1999},
  publisher={Shaker}
}

@article{Jacobson2006,
  title     = {Efficient ideal reduction in quadratic fields},
  author    = {Jacobson, Jr., M.J. and Sawilla, R.E. and Williams, H.C.},
  journal   = {International Journal of Mathematics and Computer Science},
  volume    = {1},
  year      = {2006},
  pages     = {83-116}
}

@book{Jacobson2009,
  title={Solving the Pell Equation},
  author={Jacobson, Jr., M.J. and Williams, H.C.},
  isbn={9780387849232},
  lccn={2008939034},
  series={CMS books in mathematics},
  url={http://books.google.ca/books?id=fXltSJX5pn0C},
  year={2009},
  publisher={Springer}
}

@incollection{Jebelean1993,
	year={1993},
	isbn={978-3-540-57235-0},
	booktitle={Design and Implementation of Symbolic Computation Systems},
	volume={722},
	series={Lecture Notes in Computer Science},
	editor={Miola, A.},
	doi={10.1007/BFb0013167},
	title={Improving the multiprecision {E}uclidean algorithm},
	publisher={Springer Berlin Heidelberg},
	author={Jebelean, Tudor},
	pages={45--58}
}

@book{Knuth1998,
 author = {Knuth, D.E.},
 title = {The {A}rt of {C}omputer {P}rogramming,  volume 3: (2nd ed.) {S}orting and {S}earching},
 year = {1998},
 isbn = {0-201-89685-0},
 publisher = {Addison Wesley Longman Publishing Co., Inc.},
 address = {Redwood City, CA, USA},
}

@incollection{Kuchling2008,
  title = {Python's Dictionary Implementation: Being All things to All People},
  author = {A. Kuchling},
  booktitle = {Beautiful Code: Leading Programmers Explain How They Think},
  editor = {Andy Oram and Greg Wilson},
  year = {2008},
  publisher = {O'Reilly Media},
  pages = {293--318},
}
  

@article{Lehmer1938,
  title={Euclid's algorithm for large numbers},
  author={Lehmer, D.H.},
  journal={American Mathematical Monthly},
  volume={45},
  number={4},
  month={April},
  year={1938},
  pages={227--233}
}

@article{Lenstra1992,
  title={A rigorous time bound for factoring integers},
  author={Lenstra, Jr., H.W. and Pomerance, C.},
  journal={Journal of the American Mathematical Society},
  pages={483--516},
  volume={5},
  number={3},
  month={July},
  year={1992}
}

@inproceedings{Meloni2009,
 title = {Elliptic Curve Scalar Multiplication Combining Yao's Algorithm and Double Bases},
 author = {M{\'e}loni, N. and Hasan, M.A.},
 booktitle = {Cryptographic Hardware and Embedded Systems - CHES 2009, 11th International Workshop, Lausanne, Switzerland, September 6-9, 2009, Proceedings},
 volume = {5747},
 pages = {304--316},
 doi = {10.1007/978-3-642-04138-9_22},
 publisher = {Springer},
 series = {Lecture Notes in Computer Science},
 year = {2009}
}

@article{Moller2011,
  author = {N. M{\"o}ller and T. Granlund},
  title = {Improved Division by Invariant Integers},
  journal ={IEEE Transactions on Computers},
  volume = {60},
  number = {2},
  issn = {0018-9340},
  year = {2011},
  pages = {165-175},
  doi = {http://doi.ieeecomputersociety.org/10.1109/TC.2010.143},
  publisher = {IEEE Computer Society},
  address = {Los Alamitos, CA, USA},
}


@book{Mollin1999,
  author = {R.A. Mollin},
  title = {Algebraic Number Theory},
  publisher = {Chapman \& Hall CRC, New York},
  year = {1999},
}

@article{Pollard1975,
   author = {Pollard, J. M.},
   affiliation = {Mathematics Department Plessey Telecommunications Research Taplow Court, Taplow Maidenhead Berkshire England},
   title = {A {M}onte {C}arlo method for factorization},
   journal = {BIT Numerical Mathematics},
   publisher = {Springer Netherlands},
   issn = {0006-3835},
   keyword = {Mathematics and Statistics},
   pages = {331-334},
   volume = {15},
   issue = {3},
   year = {1975}
}

@article{Rivest1978,
    author = {R.L. Rivest and A. Shamir and L. Adleman},
    title = {A Method for Obtaining Digital Signatures and Public-Key Cryptosystems},
    journal = {Communications of the ACM},
    year = {1978},
    volume = {21},
    pages = {120--126}
}

@article{Schnorr1984,
  title={A {M}onte {C}arlo factoring algorithm with linear storage},
  author={Schnorr, C.P. and Lenstra, Jr., H.W.},
  year={1984},
  month={July},
  journal={Mathematics of {C}omputation},
  volume={43},
  number={167},
  pages={289--311},
  publisher={American Mathematical Society},
  url={http://www.jstor.org/stable/2007414}
}

@article{Shallit1994,
  title={Analysis of a Left-Shift Binary {GCD} Algorithm},
  author={Shallit, J. and Sorenson, J.},
  journal={Journal of {S}ymbolic {C}omputation},
  year={1994},
  volume={17},
  pages={473--486}
}

@InProceedings{Shanks1971,
  author={D. Shanks},
  title={Class number, {A} theory of factorization and genera},
  booktitle={Proceedings of {S}ymposia in {P}ure {M}athematics},
  publisher={AMS},
  address={Providence, R.I.},
  volume={20},
  year={1971},
  pages={415--440},
}

@article{Shanks1989,
  title={On {G}auss and composition {I}, {II}},
  author={Shanks, D.},
  journal={Proc. NATO ASI on Number Theory and Applications},
  editor={Mollin, R.A},
  publisher={Kluwer Academic Press},
  year={1989},
  pages={163-179}
}

@article{Stein1967,
  title={Computational problems associated with {R}acah algebra},
  author={Stein, J.},
  journal={Journal of Computational Physics},
  volume={1},
  number={3},
  month={February},
  year={1967},
  pages={397--405}
}

@phdthesis{Sutherland2007,
  title={Order computations in generic groups},
  author={A.V. Sutherland},
  year={2007},
  school={M.I.T.},
}

@article{Sutherland2009,
  title={A generic approach to searching for {J}acobians},
  author={A.V. Sutherland},
  year={2009},
  month={January},
  volume={78},
  number={265},
  pages={485--507},
  journal={Mathematics of {C}omputation},
}

@mastersthesis{Ramachandran2006,
  title={Numerical Results on Class Groups of Imaginary Quadratic Fields},
  author={Ramachandran, S.},
  year={2006},
  school={University of Calgary, Canada}
}

@article{Reitwiesner1960,
  author    = {G.W. Reitwiesner},
  title     = {Binary Arithmetic},
  journal   = {Advances in Computers},
  volume    = {1},
  year      = {1960},
  pages     = {231-308},
  ee        = {http://dx.doi.org/10.1016/S0065-2458(08)60610-5},
  bibsource = {DBLP, http://dblp.uni-trier.de}
}

@mastersthesis{Sawilla2004,
  title={Fast Ideal Arithmetic in Quadratic Fields},
  author={Sawilla, R.},
  year={2004},
  school={University of Calgary, Canada}
}

@book{Warren2002,
 author = {Warren, H.S.},
 title = {Hacker's Delight},
 year = {2002},
 publisher = {Addison-Wesley Longman Publishing Co., Inc.},
 address = {Boston, MA, USA}
}

@misc{Ecm,
  title={{GMP-ECM 6.4.4}},
  howpublished = {\url{http://ecm.gforge.inria.fr/}},
  note = {Accessed: 2013-04-10},
}
@misc{Flint,
  title={Flint 2.3},
  howpublished = {\url{http://www.flintlib.org/}},
  note = {Accessed: 2013-04-10},
}
@misc{Gmp,
  title={{GNU Multiple Precision (GMP) Library 5.1.1}},
  howpublished = {\url{http://gmplib.org/}},
  note = {Accessed: 2013-04-10},
}
@misc{Maple,
  title={Maple 13},
  howpublished = {\url{http://www.maplesoft.com/}},
  note = {Accessed: 2013-04-10},
}
@misc{Mpir,
  title={{MPIR} 2.6.0},
  howpublished = {\url{http://www.mpir.org/}},
  note = {Accessed: 2013-16-10},
}
@misc{Magma,
  title={Magma Computational Algebra System},
  howpublished = {\url{http://magma.maths.usyd.edu.au/magma/}},
  note = {Accessed: 2013-04-27},
}
@misc{Msieve,
  title={Msieve 1.5.1},
  howpublished = {\url{http://msieve.sourceforge.net/}},
  note = {Accessed: 2013-04-10},
}
@misc{PariGP,
  title={{Pari/GP 2.5.3}},
  howpublished = {\url{http://pari.math.u-bordeaux.fr/}},
  note = {Accessed: 2013-04-10},
}
@misc{Sage,
  title={{Sage}},
  howpublished = {\url{http://sagemath.org/}},
  note = {Accessed: 2013-04-26},
}
@misc{Yafu,
  title = {{YAFU (Yet Another Factoring Utility) 1.33}},
  howpublished = {\url{http://yafu.sourceforge.net/}},
  note = {Accessed: 2013-04-10},
}

@misc{liboptarith,
  title = {liboptarith},
  howpublished = {\url{https://github.com/maxwellsayles/liboptarith}},
  note = {Accessed: 2013-04-26},
}
@misc{libqform,
  title = {libqform},
  howpublished = {\url{https://github.com/maxwellsayles/libqform}},
  note = {Accessed: 2013-04-26},
}
@misc{libsspar,
  title = {libsspar},
  howpublished = {\url{https://github.com/maxwellsayles/libsspar}},
  note = {Accessed: 2013-04-26},
}
@misc{refspar,
  title = {Reference implementation of {SPAR}},
  howpublished = {\url{https://github.com/maxwellsayles/spar}},
  note = {Accessed: 2013-05-28},
}

